@periodical{lesechos,
	title  = {Les Échos / PSA},
	editor = {Annette Lacour-Khenissi},
	year   = 2015
}

@online{communique,
	title = {Communiqué de presse PSA},
	url   = {http://www.psa-peugeot-citroen.com/fr/medias/communiques-de-presse/progression-des-ventes-mondiales-de-psa-04-au-1er-semestre-2015},
	year  = 2015,
	month = jul,
	day   = 10
}

@online{banquette,
	title  = {C4 Cactus : banquette fractionnable, nouvelle teinte, le Cactus évolue},
	url    = {http://www.largus.fr/actualite-automobile/c4-cactus-banquette-fractionnable-nouvelle-teinte-le-cactus-evolue-6619390.html},
	author = {Julien Sarboraria},
	year   = 2015,
	month  = oct,
	day    = 8
}

@online{avis,
	title  = {Avis et essais des DS3, DS4, DS5 et C4 Cactus},
	url    = {http://www.fiches-auto.fr/},
}
